@misc{swing_java,
  title = {Swing Library for UI in Java},
  howpublished = {http://docs.oracle.com/javase/tutorial/uiswing/painting/index.html},
}